%YAML 1.1
%TAG !u! tag:unity3d.com,2011:
--- !u!1 &3061669667864284202
GameObject:
  m_ObjectHideFlags: 0
  m_CorrespondingSourceObject: {fileID: 0}
  m_PrefabInstance: {fileID: 0}
  m_PrefabAsset: {fileID: 0}
  serializedVersion: 6
  m_Component:
  - component: {fileID: 3061669667864284201}
  m_Layer: 0
  m_Name: Balloon_Ghost
  m_TagString: Untagged
  m_Icon: {fileID: 0}
  m_NavMeshLayer: 0
  m_StaticEditorFlags: 0
  m_IsActive: 1
--- !u!4 &3061669667864284201
Transform:
  m_ObjectHideFlags: 0
  m_CorrespondingSourceObject: {fileID: 0}
  m_PrefabInstance: {fileID: 0}
  m_PrefabAsset: {fileID: 0}
  m_GameObject: {fileID: 3061669667864284202}
  m_LocalRotation: {x: -0, y: -0, z: -0, w: 1}
  m_LocalPosition: {x: -0.04, y: -0.9329386, z: 0.2}
  m_LocalScale: {x: 1, y: 1, z: 1}
  m_ConstrainProportionsScale: 0
  m_Children:
  - {fileID: 3312262467025622689}
  m_Father: {fileID: 3061669668116221771}
  m_RootOrder: 0
  m_LocalEulerAnglesHint: {x: 0, y: 0, z: 0}
--- !u!1 &3061669668116221772
GameObject:
  m_ObjectHideFlags: 0
  m_CorrespondingSourceObject: {fileID: 0}
  m_PrefabInstance: {fileID: 0}
  m_PrefabAsset: {fileID: 0}
  serializedVersion: 6
  m_Component:
  - component: {fileID: 3061669668116221771}
  - component: {fileID: 7473112529915139680}
  - component: {fileID: 3502660458014340299}
  - component: {fileID: -2615450143768760489}
  - component: {fileID: 5328060194372018492}
  m_Layer: 0
  m_Name: BossThreeChild
  m_TagString: BossThreeChild
  m_Icon: {fileID: 0}
  m_NavMeshLayer: 0
  m_StaticEditorFlags: 0
  m_IsActive: 1
--- !u!4 &3061669668116221771
Transform:
  m_ObjectHideFlags: 0
  m_CorrespondingSourceObject: {fileID: 0}
  m_PrefabInstance: {fileID: 0}
  m_PrefabAsset: {fileID: 0}
  m_GameObject: {fileID: 3061669668116221772}
  m_LocalRotation: {x: 0, y: 0, z: 0, w: 1}
  m_LocalPosition: {x: 0, y: 0, z: 0}
  m_LocalScale: {x: 0.25, y: 0.1, z: 0.25}
  m_ConstrainProportionsScale: 0
  m_Children:
  - {fileID: 3061669667864284201}
  m_Father: {fileID: 0}
  m_RootOrder: 0
  m_LocalEulerAnglesHint: {x: 0, y: 0, z: 0}
--- !u!136 &7473112529915139680
CapsuleCollider:
  m_ObjectHideFlags: 0
  m_CorrespondingSourceObject: {fileID: 0}
  m_PrefabInstance: {fileID: 0}
  m_PrefabAsset: {fileID: 0}
  m_GameObject: {fileID: 3061669668116221772}
  m_Material: {fileID: 0}
  m_IsTrigger: 0
  m_Enabled: 1
  m_Radius: 1.4434211
  m_Height: 11.101437
  m_Direction: 1
  m_Center: {x: 0.12324691, y: -1.5943015, z: 0}
--- !u!114 &3502660458014340299
MonoBehaviour:
  m_ObjectHideFlags: 0
  m_CorrespondingSourceObject: {fileID: 0}
  m_PrefabInstance: {fileID: 0}
  m_PrefabAsset: {fileID: 0}
  m_GameObject: {fileID: 3061669668116221772}
  m_Enabled: 1
  m_EditorHideFlags: 0
  m_Script: {fileID: 11500000, guid: f23528036820da74aa8ea3a73eba7353, type: 3}
  m_Name: 
  m_EditorClassIdentifier: 
  speed: 4
--- !u!54 &-2615450143768760489
Rigidbody:
  m_ObjectHideFlags: 0
  m_CorrespondingSourceObject: {fileID: 0}
  m_PrefabInstance: {fileID: 0}
  m_PrefabAsset: {fileID: 0}
  m_GameObject: {fileID: 3061669668116221772}
  serializedVersion: 2
  m_Mass: 1
  m_Drag: 0
  m_AngularDrag: 0.05
  m_UseGravity: 0
  m_IsKinematic: 0
  m_Interpolate: 0
  m_Constraints: 80
  m_CollisionDetection: 0
--- !u!114 &5328060194372018492
MonoBehaviour:
  m_ObjectHideFlags: 0
  m_CorrespondingSourceObject: {fileID: 0}
  m_PrefabInstance: {fileID: 0}
  m_PrefabAsset: {fileID: 0}
  m_GameObject: {fileID: 3061669668116221772}
  m_Enabled: 1
  m_EditorHideFlags: 0
  m_Script: {fileID: 11500000, guid: ef5d7181a95ed2d42a7a5344307eb79f, type: 3}
  m_Name: 
  m_EditorClassIdentifier: 
--- !u!1001 &3061669667574034762
PrefabInstance:
  m_ObjectHideFlags: 0
  serializedVersion: 2
  m_Modification:
    m_TransformParent: {fileID: 3061669667864284201}
    m_Modifications:
    - target: {fileID: -8681077432002171623, guid: 5e10cb482ddf4e1448aba29c794128e2,
        type: 3}
      propertyPath: m_StaticEditorFlags
      value: 0
      objectReference: {fileID: 0}
    - target: {fileID: -8679921383154817045, guid: 5e10cb482ddf4e1448aba29c794128e2,
        type: 3}
      propertyPath: m_RootOrder
      value: 0
      objectReference: {fileID: 0}
    - target: {fileID: -8679921383154817045, guid: 5e10cb482ddf4e1448aba29c794128e2,
        type: 3}
      propertyPath: m_LocalPosition.x
      value: -3.5922318
      objectReference: {fileID: 0}
    - target: {fileID: -8679921383154817045, guid: 5e10cb482ddf4e1448aba29c794128e2,
        type: 3}
      propertyPath: m_LocalPosition.y
      value: -7.006985
      objectReference: {fileID: 0}
    - target: {fileID: -8679921383154817045, guid: 5e10cb482ddf4e1448aba29c794128e2,
        type: 3}
      propertyPath: m_LocalPosition.z
      value: 2.670123
      objectReference: {fileID: 0}
    - target: {fileID: -8679921383154817045, guid: 5e10cb482ddf4e1448aba29c794128e2,
        type: 3}
      propertyPath: m_LocalRotation.w
      value: 1
      objectReference: {fileID: 0}
    - target: {fileID: -8679921383154817045, guid: 5e10cb482ddf4e1448aba29c794128e2,
        type: 3}
      propertyPath: m_LocalRotation.x
      value: -0
      objectReference: {fileID: 0}
    - target: {fileID: -8679921383154817045, guid: 5e10cb482ddf4e1448aba29c794128e2,
        type: 3}
      propertyPath: m_LocalRotation.y
      value: -0
      objectReference: {fileID: 0}
    - target: {fileID: -8679921383154817045, guid: 5e10cb482ddf4e1448aba29c794128e2,
        type: 3}
      propertyPath: m_LocalRotation.z
      value: -0
      objectReference: {fileID: 0}
    - target: {fileID: -8679921383154817045, guid: 5e10cb482ddf4e1448aba29c794128e2,
        type: 3}
      propertyPath: m_LocalEulerAnglesHint.x
      value: 0
      objectReference: {fileID: 0}
    - target: {fileID: -8679921383154817045, guid: 5e10cb482ddf4e1448aba29c794128e2,
        type: 3}
      propertyPath: m_LocalEulerAnglesHint.y
      value: 0
      objectReference: {fileID: 0}
    - target: {fileID: -8679921383154817045, guid: 5e10cb482ddf4e1448aba29c794128e2,
        type: 3}
      propertyPath: m_LocalEulerAnglesHint.z
      value: 0
      objectReference: {fileID: 0}
    - target: {fileID: -8148239004885366989, guid: 5e10cb482ddf4e1448aba29c794128e2,
        type: 3}
      propertyPath: m_StaticEditorFlags
      value: 0
      objectReference: {fileID: 0}
    - target: {fileID: -7895393657115491998, guid: 5e10cb482ddf4e1448aba29c794128e2,
        type: 3}
      propertyPath: m_StaticEditorFlags
      value: 0
      objectReference: {fileID: 0}
    - target: {fileID: -7272911518199237601, guid: 5e10cb482ddf4e1448aba29c794128e2,
        type: 3}
      propertyPath: m_StaticEditorFlags
      value: 0
      objectReference: {fileID: 0}
    - target: {fileID: -2643672560054497763, guid: 5e10cb482ddf4e1448aba29c794128e2,
        type: 3}
      propertyPath: m_StaticEditorFlags
      value: 0
      objectReference: {fileID: 0}
    - target: {fileID: 919132149155446097, guid: 5e10cb482ddf4e1448aba29c794128e2,
        type: 3}
      propertyPath: m_Name
      value: Baloon_Ghost_v2 1
      objectReference: {fileID: 0}
    - target: {fileID: 919132149155446097, guid: 5e10cb482ddf4e1448aba29c794128e2,
        type: 3}
      propertyPath: m_StaticEditorFlags
      value: 0
      objectReference: {fileID: 0}
    - target: {fileID: 2877278139914776420, guid: 5e10cb482ddf4e1448aba29c794128e2,
        type: 3}
      propertyPath: m_StaticEditorFlags
      value: 0
      objectReference: {fileID: 0}
    - target: {fileID: 6260259809173953628, guid: 5e10cb482ddf4e1448aba29c794128e2,
        type: 3}
      propertyPath: m_StaticEditorFlags
      value: 0
      objectReference: {fileID: 0}
    - target: {fileID: 6542114108457550854, guid: 5e10cb482ddf4e1448aba29c794128e2,
        type: 3}
      propertyPath: m_StaticEditorFlags
      value: 0
      objectReference: {fileID: 0}
    - target: {fileID: 6897622227152551676, guid: 5e10cb482ddf4e1448aba29c794128e2,
        type: 3}
      propertyPath: m_Materials.Array.data[0]
      value: 
      objectReference: {fileID: 2100000, guid: fdf939727ff54434d8efb4756c1b5414, type: 2}
    - target: {fileID: 7856726035834654846, guid: 5e10cb482ddf4e1448aba29c794128e2,
        type: 3}
      propertyPath: m_StaticEditorFlags
      value: 0
      objectReference: {fileID: 0}
    m_RemovedComponents: []
  m_SourcePrefab: {fileID: 100100000, guid: 5e10cb482ddf4e1448aba29c794128e2, type: 3}
--- !u!4 &3312262467025622689 stripped
Transform:
  m_CorrespondingSourceObject: {fileID: -8679921383154817045, guid: 5e10cb482ddf4e1448aba29c794128e2,
    type: 3}
  m_PrefabInstance: {fileID: 3061669667574034762}
  m_PrefabAsset: {fileID: 0}
--- !u!1 &4039958782641762344 stripped
GameObject:
  m_CorrespondingSourceObject: {fileID: -7895393657115491998, guid: 5e10cb482ddf4e1448aba29c794128e2,
    type: 3}
  m_PrefabInstance: {fileID: 3061669667574034762}
  m_PrefabAsset: {fileID: 0}
--- !u!65 &365220969921162323
BoxCollider:
  m_ObjectHideFlags: 0
  m_CorrespondingSourceObject: {fileID: 0}
  m_PrefabInstance: {fileID: 0}
  m_PrefabAsset: {fileID: 0}
  m_GameObject: {fileID: 4039958782641762344}
  m_Material: {fileID: 0}
  m_IsTrigger: 0
  m_Enabled: 1
  serializedVersion: 2
  m_Size: {x: 2.9096084, y: 9.924463, z: 2.997851}
  m_Center: {x: 3.6967297, y: 6.8127832, z: -2.997699}
